@misc{leedsHopfield,
	title = {Hopfield networks},
	howpublished = {\url{http://www.comp.leeds.ac.uk/ai23/reading/Hopfield.pdf}},
	note = {Accessed: 10.12.17}
}
@misc{rosen,
    author = {Rosen},
	title = {Hopfield networks},
	howpublished = {\url{http://web.cs.ucla.edu/~rosen/161/notes/hopfield.html}},
	note = {Accessed: 10.12.17}
}

@misc{ll1,
    author = {Marc Moreno Maza},
	title = {LL(1) Grammars},
	howpublished = {\url{http://www.csd.uwo.ca/~moreno/CS447/Lectures/Syntax.html/node14.html}},
	note = {Accessed: 11.02.17}
}
@misc{wow_unit_frames_lua,
	title = {UI source code for World of Warcraft},
	howpublished = {\url{https://github.com/tekkub/wow-ui-source}},
	note = {Accessed: 10.02.17}
}
